<?xml version="1.0" encoding="UTF-8"?>
<record>
  <leader>00000nas a2200000#c 4500</leader>
  <controlfield tag="005">20230503141546.0</controlfield>
  <controlfield tag="007">tu</controlfield>
  <controlfield tag="008">000103c19999999gw a||p|  ||| 0||||1ger c</controlfield>
  <controlfield tag="003">DE-605</controlfield>
  <controlfield tag="001">990109712970206441</controlfield>
  <datafield tag="015" ind1=" " ind2=" ">
    <subfield code="a">07,B13,0602</subfield>
    <subfield code="2">dnb</subfield>
  </datafield>
  <datafield tag="016" ind1="7" ind2=" ">
    <subfield code="a">2000012-1</subfield>
    <subfield code="2">DE-600</subfield>
  </datafield>
  <datafield tag="016" ind1="7" ind2=" ">
    <subfield code="a">02000043X</subfield>
    <subfield code="2">DE-101</subfield>
  </datafield>
  <datafield tag="035" ind1=" " ind2=" ">
    <subfield code="a">(DE-599)ZDB2000012-1</subfield>
  </datafield>
  <datafield tag="035" ind1=" " ind2=" ">
    <subfield code="a">(OCoLC)614914125</subfield>
  </datafield>
  <datafield tag="035" ind1=" " ind2=" ">
    <subfield code="a">(DE-600)2000012-1</subfield>
  </datafield>
  <datafield tag="035" ind1=" " ind2=" ">
    <subfield code="a">(DE-101)02000043X</subfield>
  </datafield>
  <datafield tag="040" ind1=" " ind2=" ">
    <subfield code="a">0001</subfield>
    <subfield code="b">ger</subfield>
    <subfield code="c">DE-101</subfield>
    <subfield code="d">0005</subfield>
  </datafield>
  <datafield tag="041" ind1=" " ind2=" ">
    <subfield code="a">ger</subfield>
  </datafield>
  <datafield tag="044" ind1=" " ind2=" ">
    <subfield code="c">XA-DE</subfield>
  </datafield>
  <datafield tag="082" ind1="0" ind2="4">
    <subfield code="a">780.92</subfield>
    <subfield code="q">DE-101</subfield>
    <subfield code="2">22/ger</subfield>
  </datafield>
  <datafield tag="084" ind1=" " ind2=" ">
    <subfield code="a">9,2</subfield>
    <subfield code="2">ssgn</subfield>
  </datafield>
  <datafield tag="084" ind1=" " ind2=" ">
    <subfield code="a">Bonn</subfield>
    <subfield code="0">https://nwbib.de/spatial#Q586</subfield>
    <subfield code="2">nwbib</subfield>
  </datafield>
  <datafield tag="084" ind1=" " ind2=" ">
    <subfield code="a">Komponisten</subfield>
    <subfield code="0">https://nwbib.de/subjects#N824040</subfield>
    <subfield code="2">nwbib</subfield>
  </datafield>
  <datafield tag="084" ind1=" " ind2=" ">
    <subfield code="a">Sonstige Museen und Sammlungen</subfield>
    <subfield code="0">https://nwbib.de/subjects#N217090</subfield>
    <subfield code="2">nwbib</subfield>
  </datafield>
  <datafield tag="084" ind1=" " ind2=" ">
    <subfield code="a">780</subfield>
    <subfield code="q">DE-101</subfield>
    <subfield code="2">sdnb</subfield>
  </datafield>
  <datafield tag="084" ind1=" " ind2=" ">
    <subfield code="a">780</subfield>
    <subfield code="q">DE-600</subfield>
    <subfield code="2">sdnb</subfield>
  </datafield>
  <datafield tag="245" ind1="0" ind2="0">
    <subfield code="a">Bonner Beethoven-Studien</subfield>
    <subfield code="b">Mitteilungen aus dem Beethoven-Haus und Beethoven-Archiv Bonn</subfield>
  </datafield>
  <datafield tag="264" ind1="3" ind2="1">
    <subfield code="a">Bonn</subfield>
    <subfield code="b">Verl. Beethoven-Haus</subfield>
    <subfield code="a">[Leinfelden-Echterdingen]</subfield>
    <subfield code="b">Carus</subfield>
    <subfield code="c">1999-</subfield>
  </datafield>
  <datafield tag="264" ind1="2" ind2="1">
    <subfield code="a">Bonn</subfield>
    <subfield code="b">Verl. Beethoven-Haus</subfield>
    <subfield code="c">-5.2006</subfield>
  </datafield>
  <datafield tag="300" ind1=" " ind2=" ">
    <subfield code="c">24 cm</subfield>
  </datafield>
  <datafield tag="336" ind1=" " ind2=" ">
    <subfield code="b">txt</subfield>
  </datafield>
  <datafield tag="337" ind1=" " ind2=" ">
    <subfield code="b">n</subfield>
  </datafield>
  <datafield tag="338" ind1=" " ind2=" ">
    <subfield code="b">nc</subfield>
  </datafield>
  <datafield tag="362" ind1="0" ind2=" ">
    <subfield code="a">1.1999 - 2.2001; 3.2003; 4.2005 - 8.2009; 9.2011 -</subfield>
  </datafield>
  <datafield tag="363" ind1="0" ind2="1">
    <subfield code="8">1.1\x</subfield>
    <subfield code="i">1999</subfield>
  </datafield>
  <datafield tag="490" ind1="0" ind2=" ">
    <subfield code="a">Veröffentlichungen des Beethoven-Hauses Bonn : Reihe 5</subfield>
  </datafield>
  <datafield tag="689" ind1="0" ind2="0">
    <subfield code="a">Beethoven, Ludwig &lt;&lt;van&gt;&gt;</subfield>
    <subfield code="d">1770-1827</subfield>
    <subfield code="D">p</subfield>
    <subfield code="0">(DE-588)118508288</subfield>
    <subfield code="B">GND-118508288</subfield>
  </datafield>
  <datafield tag="689" ind1="0" ind2=" ">
    <subfield code="5">DE-101</subfield>
  </datafield>
  <datafield tag="689" ind1="1" ind2="0">
    <subfield code="a">Beethoven-Haus Bonn</subfield>
    <subfield code="D">b</subfield>
    <subfield code="0">(DE-588)2085343-9</subfield>
    <subfield code="0">https://portal.dnb.de/opac.htm?method=simpleSearch&amp;cqlMode=true&amp;query=idn=007345364</subfield>
    <subfield code="0">http://viaf.org/viaf/sourceID/DNB|007345364</subfield>
    <subfield code="B">GND-007345364</subfield>
  </datafield>
  <datafield tag="689" ind1="1" ind2=" ">
    <subfield code="5">DE-61</subfield>
    <subfield code="5">DE-605</subfield>
  </datafield>
  <datafield tag="960" ind1="1" ind2=" ">
    <subfield code="n">NWBib-Zeitschrift</subfield>
  </datafield>
  <datafield tag="710" ind1="2" ind2=" ">
    <subfield code="a">Beethoven-Haus Bonn</subfield>
    <subfield code="0">(DE-588)2085343-9</subfield>
    <subfield code="4">isb</subfield>
    <subfield code="0">https://portal.dnb.de/opac.htm?method=simpleSearch&amp;cqlMode=true&amp;query=idn=007345364</subfield>
    <subfield code="0">http://viaf.org/viaf/sourceID/DNB|007345364</subfield>
    <subfield code="B">GND-007345364</subfield>
  </datafield>
  <datafield tag="710" ind1="2" ind2=" ">
    <subfield code="a">Beethoven-Archiv</subfield>
    <subfield code="0">(DE-588)2005424-5</subfield>
    <subfield code="4">isb</subfield>
    <subfield code="0">https://portal.dnb.de/opac.htm?method=simpleSearch&amp;cqlMode=true&amp;query=idn=004656954</subfield>
    <subfield code="0">http://viaf.org/viaf/sourceID/DNB|004656954</subfield>
    <subfield code="B">GND-004656954</subfield>
  </datafield>
  <datafield tag="780" ind1="0" ind2="0">
    <subfield code="i">Vorg.:</subfield>
    <subfield code="t">Beethoven-Jahrbuch</subfield>
    <subfield code="d">Bonn : Beethovenhaus, 1954-1983</subfield>
    <subfield code="x">0522-5949</subfield>
    <subfield code="w">(DE-600)211985-7</subfield>
  </datafield>
  <datafield tag="655" ind1=" " ind2="7">
    <subfield code="a">Zeitschrift</subfield>
    <subfield code="0">(DE-588)4067488-5</subfield>
    <subfield code="2">gnd-content</subfield>
  </datafield>
  <datafield tag="515" ind1=" " ind2=" ">
    <subfield code="a">Ersch. jährl.; 2000 u. 2002 u. 2004 u. 2010 nicht ersch.</subfield>
  </datafield>
  <datafield tag="583" ind1="1" ind2=" ">
    <subfield code="a">Archivierung/Langzeitarchivierung gewährleistet</subfield>
    <subfield code="c">2020</subfield>
    <subfield code="f">PENW</subfield>
    <subfield code="5">DE-5</subfield>
    <subfield code="2">pdager</subfield>
  </datafield>
  <datafield tag="MBD" ind1=" " ind2=" ">
    <subfield code="M">49HBZ_NETWORK</subfield>
    <subfield code="i">990109712970206441</subfield>
    <subfield code="n">HBZ Network</subfield>
  </datafield>
  <datafield tag="MBD" ind1=" " ind2=" ">
    <subfield code="M">49HBZ_WUP</subfield>
    <subfield code="i">990008372420206447</subfield>
    <subfield code="n">Bergische Universität Wuppertal</subfield>
  </datafield>
  <datafield tag="983" ind1=" " ind2=" ">
    <subfield code="b">KJIB</subfield>
    <subfield code="9">LOCAL</subfield>
    <subfield code="M">49HBZ_WUP</subfield>
  </datafield>
  <datafield tag="MBD" ind1=" " ind2=" ">
    <subfield code="M">49HBZ_BRIDGE_EDK</subfield>
    <subfield code="i">9988663507507</subfield>
    <subfield code="n">Erzbischöfliche Diözesan- und Dombibliothek</subfield>
  </datafield>
  <datafield tag="MBD" ind1=" " ind2=" ">
    <subfield code="M">49HBZ_BRIDGE_DET</subfield>
    <subfield code="i">9967266107918</subfield>
    <subfield code="n">Lippische Landesbibliothek Detmold; Hochschule für Musik Detmold, Bibliothek</subfield>
  </datafield>
  <datafield tag="MBD" ind1=" " ind2=" ">
    <subfield code="M">49HBZ_BRIDGE_RSH</subfield>
    <subfield code="i">9918808607922</subfield>
    <subfield code="n">Robert-Schumann-Hochschule Düsseldorf</subfield>
  </datafield>
  <datafield tag="MBD" ind1=" " ind2=" ">
    <subfield code="M">49HBZ_DUE</subfield>
    <subfield code="i">990024314220206443</subfield>
    <subfield code="n">Universität Düsseldorf</subfield>
  </datafield>
  <datafield tag="980" ind1="1" ind2=" ">
    <subfield code="b">NWBib-Zs</subfield>
    <subfield code="9">LOCAL</subfield>
    <subfield code="M">49HBZ_DUE</subfield>
  </datafield>
  <datafield tag="995" ind1=" " ind2=" ">
    <subfield code="a">zsmagex</subfield>
    <subfield code="9">LOCAL</subfield>
    <subfield code="M">49HBZ_DUE</subfield>
  </datafield>
  <datafield tag="996" ind1=" " ind2=" ">
    <subfield code="k">Beethoven-Archiv</subfield>
    <subfield code="0">(DE-588)2005424-5</subfield>
    <subfield code="9">LOCAL</subfield>
    <subfield code="M">49HBZ_DUE</subfield>
  </datafield>
  <datafield tag="996" ind1=" " ind2=" ">
    <subfield code="k">Beethoven-Haus Bonn</subfield>
    <subfield code="0">(DE-588)2085343-9</subfield>
    <subfield code="9">LOCAL</subfield>
    <subfield code="M">49HBZ_DUE</subfield>
  </datafield>
  <datafield tag="996" ind1=" " ind2=" ">
    <subfield code="g">Casa Riccone</subfield>
    <subfield code="h">Biella</subfield>
    <subfield code="0">(DE-588)7650287-9</subfield>
    <subfield code="9">LOCAL</subfield>
    <subfield code="M">49HBZ_DUE</subfield>
  </datafield>
  <datafield tag="996" ind1=" " ind2=" ">
    <subfield code="s">Archiv</subfield>
    <subfield code="0">(DE-588)4002859-8</subfield>
    <subfield code="9">LOCAL</subfield>
    <subfield code="M">49HBZ_DUE</subfield>
  </datafield>
  <datafield tag="996" ind1=" " ind2=" ">
    <subfield code="s">Haus</subfield>
    <subfield code="0">(DE-588)4023693-6</subfield>
    <subfield code="9">LOCAL</subfield>
    <subfield code="M">49HBZ_DUE</subfield>
  </datafield>
  <datafield tag="996" ind1=" " ind2=" ">
    <subfield code="s">Reihe</subfield>
    <subfield code="0">(DE-588)4049197-3</subfield>
    <subfield code="9">LOCAL</subfield>
    <subfield code="M">49HBZ_DUE</subfield>
  </datafield>
  <datafield tag="996" ind1=" " ind2=" ">
    <subfield code="p">Nancarrow, Conlon</subfield>
    <subfield code="d">1912-1997</subfield>
    <subfield code="t">Studies for player piano</subfield>
    <subfield code="0">(DE-588)300337507</subfield>
    <subfield code="9">LOCAL</subfield>
    <subfield code="M">49HBZ_DUE</subfield>
  </datafield>
  <datafield tag="996" ind1=" " ind2=" ">
    <subfield code="s">Studium</subfield>
    <subfield code="0">(DE-588)4058216-4</subfield>
    <subfield code="9">LOCAL</subfield>
    <subfield code="M">49HBZ_DUE</subfield>
  </datafield>
  <datafield tag="996" ind1=" " ind2=" ">
    <subfield code="s">Veröffentlichung</subfield>
    <subfield code="0">(DE-588)4187925-9</subfield>
    <subfield code="9">LOCAL</subfield>
    <subfield code="M">49HBZ_DUE</subfield>
  </datafield>
  <datafield tag="996" ind1=" " ind2=" ">
    <subfield code="a">Beethoven</subfield>
    <subfield code="9">LOCAL</subfield>
    <subfield code="M">49HBZ_DUE</subfield>
  </datafield>
  <datafield tag="996" ind1=" " ind2=" ">
    <subfield code="a">Beethoven-Archiv Bonn</subfield>
    <subfield code="9">LOCAL</subfield>
    <subfield code="M">49HBZ_DUE</subfield>
  </datafield>
  <datafield tag="996" ind1=" " ind2=" ">
    <subfield code="a">Beethoven-Haus Bonn</subfield>
    <subfield code="9">LOCAL</subfield>
    <subfield code="M">49HBZ_DUE</subfield>
  </datafield>
  <datafield tag="996" ind1=" " ind2=" ">
    <subfield code="a">Beethoven-Studie</subfield>
    <subfield code="9">LOCAL</subfield>
    <subfield code="M">49HBZ_DUE</subfield>
  </datafield>
  <datafield tag="996" ind1=" " ind2=" ">
    <subfield code="a">Mitteilung</subfield>
    <subfield code="9">LOCAL</subfield>
    <subfield code="M">49HBZ_DUE</subfield>
  </datafield>
  <datafield tag="996" ind1=" " ind2=" ">
    <subfield code="a">Reihung</subfield>
    <subfield code="9">LOCAL</subfield>
    <subfield code="M">49HBZ_DUE</subfield>
  </datafield>
  <datafield tag="996" ind1=" " ind2=" ">
    <subfield code="a">Veröffentlichen</subfield>
    <subfield code="9">LOCAL</subfield>
    <subfield code="M">49HBZ_DUE</subfield>
  </datafield>
  <datafield tag="MBD" ind1=" " ind2=" ">
    <subfield code="M">49HBZ_ULM</subfield>
    <subfield code="i">991031230579706449</subfield>
    <subfield code="n">Universität Münster</subfield>
  </datafield>
  <datafield tag="980" ind1="1" ind2="2">
    <subfield code="e">HBZ</subfield>
    <subfield code="9">LOCAL</subfield>
    <subfield code="M">49HBZ_ULM</subfield>
  </datafield>
  <datafield tag="981" ind1=" " ind2=" ">
    <subfield code="a">(DE-6)3770719</subfield>
    <subfield code="9">LOCAL</subfield>
    <subfield code="M">49HBZ_ULM</subfield>
  </datafield>
  <datafield tag="983" ind1=" " ind2=" ">
    <subfield code="b">ZS</subfield>
    <subfield code="2">dbs_loc</subfield>
    <subfield code="9">LOCAL</subfield>
    <subfield code="M">49HBZ_ULM</subfield>
  </datafield>
  <datafield tag="MBD" ind1=" " ind2=" ">
    <subfield code="M">49HBZ_BRIDGE_ULB</subfield>
    <subfield code="i">99404537507502</subfield>
    <subfield code="n">Universitäts- und Landesbibliothek Bonn</subfield>
  </datafield>
  <datafield tag="MBD" ind1=" " ind2=" ">
    <subfield code="M">49HBZ_BRIDGE_UBK</subfield>
    <subfield code="i">99454519707147</subfield>
    <subfield code="n">Universitäts- und Stadtbibliothek Köln</subfield>
  </datafield>
  <datafield tag="MBD" ind1=" " ind2=" ">
    <subfield code="M">49HBZ_BRIDGE_UKO</subfield>
    <subfield code="i">9948361407924</subfield>
    <subfield code="n">Universitätsbibliothek Koblenz</subfield>
  </datafield>
  <datafield tag="MNG" ind1=" " ind2=" ">
    <subfield code="c">System</subfield>
    <subfield code="f">ZDB</subfield>
    <subfield code="i">marc21</subfield>
    <subfield code="h">20230503141546.0</subfield>
    <subfield code="k">01</subfield>
    <subfield code="e">false</subfield>
    <subfield code="d">2023-05-03 15:52:02 Europe/Berlin</subfield>
    <subfield code="g">010971297-HBZ01</subfield>
    <subfield code="j">90</subfield>
    <subfield code="a">import</subfield>
    <subfield code="b">2021-04-05 10:00:39 Europe/Berlin</subfield>
  </datafield>
  <datafield tag="H52" ind1="8" ind2=" ">
    <subfield code="b">W0001</subfield>
    <subfield code="c">21</subfield>
    <subfield code="8">22121199990006447</subfield>
  </datafield>
  <datafield tag="HOL" ind1=" " ind2=" ">
    <subfield code="d">2023-02-24 10:08:50</subfield>
    <subfield code="8">22121199990006447</subfield>
    <subfield code="b">2021-04-06 07:41:49</subfield>
    <subfield code="M">49HBZ_WUP</subfield>
    <subfield code="g">false</subfield>
    <subfield code="a">import</subfield>
    <subfield code="c">ID21972</subfield>
  </datafield>
  <datafield tag="H16" ind1="7" ind2=" ">
    <subfield code="a">2000012-1</subfield>
    <subfield code="2">DE-600</subfield>
    <subfield code="8">22121199860006447</subfield>
  </datafield>
  <datafield tag="H35" ind1=" " ind2=" ">
    <subfield code="a">(DE-600)079596614</subfield>
    <subfield code="8">22121199860006447</subfield>
  </datafield>
  <datafield tag="H92" ind1=" " ind2=" ">
    <subfield code="a">561000-x</subfield>
    <subfield code="k">NRW</subfield>
    <subfield code="l">a</subfield>
    <subfield code="8">22121199860006447</subfield>
  </datafield>
  <datafield tag="H52" ind1="8" ind2="1">
    <subfield code="b">W0001</subfield>
    <subfield code="c">21</subfield>
    <subfield code="h">KJIB3585</subfield>
    <subfield code="8">1</subfield>
    <subfield code="8">22121199860006447</subfield>
  </datafield>
  <datafield tag="H59" ind1="0" ind2="1">
    <subfield code="8">1.1\x</subfield>
    <subfield code="a">1</subfield>
    <subfield code="i">1999</subfield>
    <subfield code="8">22121199860006447</subfield>
  </datafield>
  <datafield tag="H66" ind1="3" ind2="0">
    <subfield code="a">1.1999 -</subfield>
    <subfield code="8">22121199860006447</subfield>
  </datafield>
  <datafield tag="HOL" ind1=" " ind2=" ">
    <subfield code="b">2021-04-06 07:41:49</subfield>
    <subfield code="8">22121199860006447</subfield>
    <subfield code="M">49HBZ_WUP</subfield>
    <subfield code="g">false</subfield>
    <subfield code="a">import</subfield>
  </datafield>
  <datafield tag="ITM" ind1=" " ind2=" ">
    <subfield code="H">22121199990006447</subfield>
    <subfield code="x">21</subfield>
    <subfield code="f">ISSUE</subfield>
    <subfield code="v">21</subfield>
    <subfield code="p">31</subfield>
    <subfield code="X">ID21972</subfield>
    <subfield code="U">2017-01-26 11:59:00 Europe/Berlin</subfield>
    <subfield code="Y">2023-02-24 11:08:43 Europe/Berlin</subfield>
    <subfield code="h">false</subfield>
    <subfield code="e">00001</subfield>
    <subfield code="n">KJIB 3585</subfield>
    <subfield code="i">12</subfield>
    <subfield code="k">2016</subfield>
    <subfield code="M">49HBZ_WUP</subfield>
    <subfield code="s">1</subfield>
    <subfield code="d">8</subfield>
    <subfield code="V">import</subfield>
    <subfield code="b">1103875-50</subfield>
    <subfield code="a">23121199900006447</subfield>
    <subfield code="q">12(2016)  nne. lt. WWW 18.3.2016</subfield>
    <subfield code="W">2013-12-18 01:00:00 Europe/Berlin</subfield>
    <subfield code="u">W0001</subfield>
    <subfield code="w">W0001</subfield>
  </datafield>
  <datafield tag="ITM" ind1=" " ind2=" ">
    <subfield code="H">22121199990006447</subfield>
    <subfield code="x">21</subfield>
    <subfield code="f">ISSUE</subfield>
    <subfield code="v">21</subfield>
    <subfield code="p">31</subfield>
    <subfield code="X">ID21972</subfield>
    <subfield code="U">2011-06-24 12:59:00 Europe/Berlin</subfield>
    <subfield code="Y">2023-02-24 11:08:43 Europe/Berlin</subfield>
    <subfield code="h">false</subfield>
    <subfield code="e">00001</subfield>
    <subfield code="n">KJIB 3585</subfield>
    <subfield code="i">9</subfield>
    <subfield code="k">2011</subfield>
    <subfield code="M">49HBZ_WUP</subfield>
    <subfield code="s">1</subfield>
    <subfield code="d">8</subfield>
    <subfield code="V">import</subfield>
    <subfield code="b">1103875-20</subfield>
    <subfield code="a">23121199930006447</subfield>
    <subfield code="B">Z02/66-9</subfield>
    <subfield code="D">20110624</subfield>
    <subfield code="q">9(2011)</subfield>
    <subfield code="W">2011-06-24 02:00:00 Europe/Berlin</subfield>
    <subfield code="u">W0001</subfield>
    <subfield code="w">W0001</subfield>
  </datafield>
  <datafield tag="ITM" ind1=" " ind2=" ">
    <subfield code="H">22121199990006447</subfield>
    <subfield code="x">21</subfield>
    <subfield code="f">ISSUE</subfield>
    <subfield code="v">21</subfield>
    <subfield code="p">31</subfield>
    <subfield code="X">ID21972</subfield>
    <subfield code="U">2012-03-29 12:59:00 Europe/Berlin</subfield>
    <subfield code="Y">2023-02-24 11:08:43 Europe/Berlin</subfield>
    <subfield code="h">false</subfield>
    <subfield code="e">00001</subfield>
    <subfield code="n">KJIB 3585</subfield>
    <subfield code="i">10</subfield>
    <subfield code="k">2012</subfield>
    <subfield code="M">49HBZ_WUP</subfield>
    <subfield code="s">1</subfield>
    <subfield code="d">8</subfield>
    <subfield code="V">import</subfield>
    <subfield code="b">1103875-30</subfield>
    <subfield code="a">23121199920006447</subfield>
    <subfield code="q">10(2012)</subfield>
    <subfield code="W">2012-02-10 01:00:00 Europe/Berlin</subfield>
    <subfield code="u">W0001</subfield>
    <subfield code="w">W0001</subfield>
  </datafield>
  <datafield tag="ITM" ind1=" " ind2=" ">
    <subfield code="H">22121199990006447</subfield>
    <subfield code="x">21</subfield>
    <subfield code="f">ISSUE</subfield>
    <subfield code="v">21</subfield>
    <subfield code="p">31</subfield>
    <subfield code="X">ID21972</subfield>
    <subfield code="U">2011-06-24 12:59:00 Europe/Berlin</subfield>
    <subfield code="Y">2023-02-24 11:08:43 Europe/Berlin</subfield>
    <subfield code="h">false</subfield>
    <subfield code="n">KJIB 3585</subfield>
    <subfield code="M">49HBZ_WUP</subfield>
    <subfield code="s">1</subfield>
    <subfield code="d">8</subfield>
    <subfield code="V">import</subfield>
    <subfield code="b">1103875-10</subfield>
    <subfield code="a">23121199950006447</subfield>
    <subfield code="B">Z02/66</subfield>
    <subfield code="D">20110624</subfield>
    <subfield code="q">Abo</subfield>
    <subfield code="W">2011-06-24 02:00:00 Europe/Berlin</subfield>
    <subfield code="u">W0001</subfield>
    <subfield code="w">W0001</subfield>
  </datafield>
  <datafield tag="ITM" ind1=" " ind2=" ">
    <subfield code="H">22121199990006447</subfield>
    <subfield code="x">21</subfield>
    <subfield code="f">ISSUE</subfield>
    <subfield code="v">21</subfield>
    <subfield code="p">31</subfield>
    <subfield code="X">System</subfield>
    <subfield code="Y">2023-02-24 11:10:16 Europe/Berlin</subfield>
    <subfield code="i">16</subfield>
    <subfield code="k">2024</subfield>
    <subfield code="M">49HBZ_WUP</subfield>
    <subfield code="s">0</subfield>
    <subfield code="d">8</subfield>
    <subfield code="V">ID21972</subfield>
    <subfield code="a">23171066570006447</subfield>
    <subfield code="r">ACQ</subfield>
    <subfield code="q">16(2024)</subfield>
    <subfield code="W">2023-02-24 11:08:50 Europe/Berlin</subfield>
    <subfield code="u">W0001</subfield>
    <subfield code="w">W0001</subfield>
  </datafield>
  <datafield tag="ITM" ind1=" " ind2=" ">
    <subfield code="H">22121199990006447</subfield>
    <subfield code="x">21</subfield>
    <subfield code="f">ISSUE</subfield>
    <subfield code="v">21</subfield>
    <subfield code="p">31</subfield>
    <subfield code="X">ID21972</subfield>
    <subfield code="U">2014-10-09 12:59:00 Europe/Berlin</subfield>
    <subfield code="Y">2023-02-24 11:08:43 Europe/Berlin</subfield>
    <subfield code="h">false</subfield>
    <subfield code="e">00001</subfield>
    <subfield code="n">KJIB 3585</subfield>
    <subfield code="i">11</subfield>
    <subfield code="k">2013</subfield>
    <subfield code="M">49HBZ_WUP</subfield>
    <subfield code="s">1</subfield>
    <subfield code="d">8</subfield>
    <subfield code="V">import</subfield>
    <subfield code="b">1103875-40</subfield>
    <subfield code="a">23121199910006447</subfield>
    <subfield code="q">11(2014)</subfield>
    <subfield code="W">2012-12-05 01:00:00 Europe/Berlin</subfield>
    <subfield code="u">W0001</subfield>
    <subfield code="w">W0001</subfield>
  </datafield>
  <datafield tag="ITM" ind1=" " ind2=" ">
    <subfield code="H">22121199990006447</subfield>
    <subfield code="x">21</subfield>
    <subfield code="f">ISSUE</subfield>
    <subfield code="v">21</subfield>
    <subfield code="p">31</subfield>
    <subfield code="X">ID21972</subfield>
    <subfield code="U">2023-02-24 11:04:50 Europe/Berlin</subfield>
    <subfield code="Y">2023-02-24 11:08:43 Europe/Berlin</subfield>
    <subfield code="h">false</subfield>
    <subfield code="e">00001</subfield>
    <subfield code="n">KJIB 3585</subfield>
    <subfield code="i">13</subfield>
    <subfield code="k">2022</subfield>
    <subfield code="M">49HBZ_WUP</subfield>
    <subfield code="s">1</subfield>
    <subfield code="d">8</subfield>
    <subfield code="V">import</subfield>
    <subfield code="b">1103875-60</subfield>
    <subfield code="a">23121199890006447</subfield>
    <subfield code="q">13(2022) n.n.e. lt. WWW 14.3.2018 + 29.7.2022</subfield>
    <subfield code="W">2015-12-23 01:00:00 Europe/Berlin</subfield>
    <subfield code="u">W0001</subfield>
    <subfield code="w">W0001</subfield>
  </datafield>
  <datafield tag="H16" ind1="7" ind2=" ">
    <subfield code="a">2000012-1</subfield>
    <subfield code="2">DE-600</subfield>
    <subfield code="8">2245055030007507</subfield>
  </datafield>
  <datafield tag="H35" ind1=" " ind2=" ">
    <subfield code="a">(DE-600)871755599</subfield>
    <subfield code="8">2245055030007507</subfield>
  </datafield>
  <datafield tag="H92" ind1=" " ind2=" ">
    <subfield code="a">518000-4</subfield>
    <subfield code="y">wk</subfield>
    <subfield code="8">2245055030007507</subfield>
  </datafield>
  <datafield tag="H52" ind1="8" ind2="1">
    <subfield code="t">1</subfield>
    <subfield code="c">kA</subfield>
    <subfield code="a">DE-2187</subfield>
    <subfield code="h">(Einzelsign.)</subfield>
    <subfield code="b">BDA01</subfield>
    <subfield code="8">2245055030007507</subfield>
  </datafield>
  <datafield tag="H59" ind1="1" ind2="0">
    <subfield code="8">1.2\x</subfield>
    <subfield code="8">2245055030007507</subfield>
  </datafield>
  <datafield tag="H59" ind1="0" ind2="0">
    <subfield code="8">1.1\x</subfield>
    <subfield code="a">13</subfield>
    <subfield code="i">2022</subfield>
    <subfield code="8">2245055030007507</subfield>
  </datafield>
  <datafield tag="H66" ind1="3" ind2="0">
    <subfield code="a">13.2022</subfield>
    <subfield code="8">2245055030007507</subfield>
  </datafield>
  <datafield tag="HOL" ind1=" " ind2=" ">
    <subfield code="d">2023-05-04 12:05:11</subfield>
    <subfield code="8">2245055030007507</subfield>
    <subfield code="b">2023-05-04 12:05:11</subfield>
    <subfield code="M">49HBZ_BRIDGE_EDK</subfield>
    <subfield code="g">false</subfield>
    <subfield code="a">System</subfield>
    <subfield code="c">System</subfield>
  </datafield>
  <datafield tag="H16" ind1="7" ind2=" ">
    <subfield code="a">2000012-1</subfield>
    <subfield code="2">DE-600</subfield>
    <subfield code="8">2229772550007918</subfield>
  </datafield>
  <datafield tag="H35" ind1=" " ind2=" ">
    <subfield code="a">(DE-600)321987802</subfield>
    <subfield code="8">2229772550007918</subfield>
  </datafield>
  <datafield tag="H92" ind1=" " ind2=" ">
    <subfield code="a">492000-4</subfield>
    <subfield code="8">2229772550007918</subfield>
  </datafield>
  <datafield tag="H52" ind1="8" ind2="1">
    <subfield code="t">1</subfield>
    <subfield code="c">kA</subfield>
    <subfield code="a">DE-575</subfield>
    <subfield code="h">BM 800 BeetL 6:4</subfield>
    <subfield code="b">Z9037</subfield>
    <subfield code="8">2229772550007918</subfield>
  </datafield>
  <datafield tag="H59" ind1="1" ind2="0">
    <subfield code="8">1.2\x</subfield>
    <subfield code="i">2001</subfield>
    <subfield code="a">2</subfield>
    <subfield code="i">2009</subfield>
    <subfield code="a">8</subfield>
    <subfield code="8">2229772550007918</subfield>
  </datafield>
  <datafield tag="H59" ind1="0" ind2="0">
    <subfield code="8">1.1\x</subfield>
    <subfield code="a">1</subfield>
    <subfield code="i">1999</subfield>
    <subfield code="a">4</subfield>
    <subfield code="i">2005</subfield>
    <subfield code="8">2229772550007918</subfield>
  </datafield>
  <datafield tag="H59" ind1=" " ind2=" ">
    <subfield code="a">9</subfield>
    <subfield code="i">2011</subfield>
    <subfield code="8">2229772550007918</subfield>
  </datafield>
  <datafield tag="H66" ind1="3" ind2="0">
    <subfield code="a">1.1999 - 2.2001; 4.2005 - 8.2009; 9.2011 -</subfield>
    <subfield code="8">2229772550007918</subfield>
  </datafield>
  <datafield tag="HOL" ind1=" " ind2=" ">
    <subfield code="d">2023-05-04 12:05:21</subfield>
    <subfield code="8">2229772550007918</subfield>
    <subfield code="b">2023-05-04 12:05:21</subfield>
    <subfield code="M">49HBZ_BRIDGE_DET</subfield>
    <subfield code="g">false</subfield>
    <subfield code="a">System</subfield>
    <subfield code="c">System</subfield>
  </datafield>
  <datafield tag="H52" ind1="8" ind2="1">
    <subfield code="b">X5010</subfield>
    <subfield code="c">UNASSIGNED</subfield>
    <subfield code="8">227769520007922</subfield>
  </datafield>
  <datafield tag="HOL" ind1=" " ind2=" ">
    <subfield code="d">2023-05-04 12:04:04</subfield>
    <subfield code="8">227769520007922</subfield>
    <subfield code="b">2023-05-04 12:04:04</subfield>
    <subfield code="M">49HBZ_BRIDGE_RSH</subfield>
    <subfield code="g">false</subfield>
    <subfield code="a">System</subfield>
    <subfield code="c">System</subfield>
  </datafield>
  <datafield tag="H16" ind1="7" ind2=" ">
    <subfield code="a">2000012-1</subfield>
    <subfield code="2">DE-600</subfield>
    <subfield code="8">22263476150006443</subfield>
  </datafield>
  <datafield tag="H35" ind1=" " ind2=" ">
    <subfield code="a">(DE-600)204151236</subfield>
    <subfield code="8">22263476150006443</subfield>
  </datafield>
  <datafield tag="H92" ind1=" " ind2=" ">
    <subfield code="a">401000-0</subfield>
    <subfield code="k">NRW</subfield>
    <subfield code="l">a</subfield>
    <subfield code="o">b</subfield>
    <subfield code="p">x</subfield>
    <subfield code="8">22263476150006443</subfield>
  </datafield>
  <datafield tag="H52" ind1="8" ind2="1">
    <subfield code="a">DE-61</subfield>
    <subfield code="b">X0001</subfield>
    <subfield code="c">00L</subfield>
    <subfield code="h">zy 1432</subfield>
    <subfield code="8">1</subfield>
    <subfield code="8">22263476150006443</subfield>
  </datafield>
  <datafield tag="H59" ind1="0" ind2="1">
    <subfield code="8">1.1\x</subfield>
    <subfield code="a">8</subfield>
    <subfield code="i">2009</subfield>
    <subfield code="8">22263476150006443</subfield>
  </datafield>
  <datafield tag="H66" ind1="3" ind2="0">
    <subfield code="a">8.2009 -</subfield>
    <subfield code="8">22263476150006443</subfield>
  </datafield>
  <datafield tag="HOL" ind1=" " ind2=" ">
    <subfield code="b">2021-04-01 10:17:26</subfield>
    <subfield code="8">22263476150006443</subfield>
    <subfield code="M">49HBZ_DUE</subfield>
    <subfield code="g">false</subfield>
    <subfield code="a">import</subfield>
  </datafield>
  <datafield tag="ITM" ind1=" " ind2=" ">
    <subfield code="H">22263476150006443</subfield>
    <subfield code="x">00L</subfield>
    <subfield code="f">ISSUE</subfield>
    <subfield code="v">00L</subfield>
    <subfield code="p">33</subfield>
    <subfield code="X">BENEGIAM</subfield>
    <subfield code="Y">2022-11-07 08:47:12 Europe/Berlin</subfield>
    <subfield code="h">false</subfield>
    <subfield code="e">00002</subfield>
    <subfield code="n">zy/1432</subfield>
    <subfield code="j">1</subfield>
    <subfield code="i">13</subfield>
    <subfield code="k">2020</subfield>
    <subfield code="M">49HBZ_DUE</subfield>
    <subfield code="s">0</subfield>
    <subfield code="d">8</subfield>
    <subfield code="V">import</subfield>
    <subfield code="L">zy/1432 / nwb / n.n.e. 07.11.2022 JB</subfield>
    <subfield code="a">23263476030006443</subfield>
    <subfield code="t">8</subfield>
    <subfield code="c">zy 1432</subfield>
    <subfield code="r">TECHNICAL</subfield>
    <subfield code="q">13.2020</subfield>
    <subfield code="W">2017-01-16 01:00:00 Europe/Berlin</subfield>
    <subfield code="u">X0001</subfield>
    <subfield code="w">X0001</subfield>
  </datafield>
  <datafield tag="ITM" ind1=" " ind2=" ">
    <subfield code="H">22263476150006443</subfield>
    <subfield code="x">00L</subfield>
    <subfield code="f">ISSBD</subfield>
    <subfield code="v">00L</subfield>
    <subfield code="p">33</subfield>
    <subfield code="X">System</subfield>
    <subfield code="U">2017-01-16 11:59:00 Europe/Berlin</subfield>
    <subfield code="Y">2021-04-01 12:17:58 Europe/Berlin</subfield>
    <subfield code="h">false</subfield>
    <subfield code="e">00002</subfield>
    <subfield code="n">zy/1432</subfield>
    <subfield code="P">21/d/n/1</subfield>
    <subfield code="j">1</subfield>
    <subfield code="i">12</subfield>
    <subfield code="k">2017</subfield>
    <subfield code="M">49HBZ_DUE</subfield>
    <subfield code="s">1</subfield>
    <subfield code="d">8</subfield>
    <subfield code="V">import</subfield>
    <subfield code="L">zy/1432 / nwb</subfield>
    <subfield code="a">23263476050006443</subfield>
    <subfield code="t">8</subfield>
    <subfield code="c">zy 1432</subfield>
    <subfield code="D">20170116</subfield>
    <subfield code="q">12.2017</subfield>
    <subfield code="W">2014-10-15 02:00:00 Europe/Berlin</subfield>
    <subfield code="u">X0001</subfield>
    <subfield code="w">X0001</subfield>
  </datafield>
  <datafield tag="ITM" ind1=" " ind2=" ">
    <subfield code="H">22263476150006443</subfield>
    <subfield code="x">00L</subfield>
    <subfield code="f">ISSBD</subfield>
    <subfield code="v">00L</subfield>
    <subfield code="p">33</subfield>
    <subfield code="X">System</subfield>
    <subfield code="U">2014-10-15 12:59:00 Europe/Berlin</subfield>
    <subfield code="Y">2021-04-01 12:17:58 Europe/Berlin</subfield>
    <subfield code="h">false</subfield>
    <subfield code="e">00002</subfield>
    <subfield code="n">zy/1432</subfield>
    <subfield code="P">21/d/n/1</subfield>
    <subfield code="j">1</subfield>
    <subfield code="i">11</subfield>
    <subfield code="k">2014</subfield>
    <subfield code="M">49HBZ_DUE</subfield>
    <subfield code="s">1</subfield>
    <subfield code="d">8</subfield>
    <subfield code="V">import</subfield>
    <subfield code="L">zy/1432 / nwb</subfield>
    <subfield code="a">23263476060006443</subfield>
    <subfield code="t">8</subfield>
    <subfield code="c">zy 1432</subfield>
    <subfield code="D">20141015</subfield>
    <subfield code="q">11.2014</subfield>
    <subfield code="W">2012-04-03 02:00:00 Europe/Berlin</subfield>
    <subfield code="u">X0001</subfield>
    <subfield code="w">X0001</subfield>
  </datafield>
  <datafield tag="ITM" ind1=" " ind2=" ">
    <subfield code="H">22263476150006443</subfield>
    <subfield code="x">00L</subfield>
    <subfield code="f">ISSBD</subfield>
    <subfield code="v">00L</subfield>
    <subfield code="p">33</subfield>
    <subfield code="X">System</subfield>
    <subfield code="U">2012-04-03 12:59:00 Europe/Berlin</subfield>
    <subfield code="Y">2021-04-01 12:17:58 Europe/Berlin</subfield>
    <subfield code="h">false</subfield>
    <subfield code="e">00002</subfield>
    <subfield code="n">zy/1432</subfield>
    <subfield code="P">21/d/n/1</subfield>
    <subfield code="j">1</subfield>
    <subfield code="i">10</subfield>
    <subfield code="k">2012</subfield>
    <subfield code="M">49HBZ_DUE</subfield>
    <subfield code="s">1</subfield>
    <subfield code="d">8</subfield>
    <subfield code="V">import</subfield>
    <subfield code="L">zy/1432 / nwb</subfield>
    <subfield code="a">23263476080006443</subfield>
    <subfield code="t">8</subfield>
    <subfield code="c">zy 1432</subfield>
    <subfield code="D">20120403</subfield>
    <subfield code="q">10.2012</subfield>
    <subfield code="W">2011-10-18 02:00:00 Europe/Berlin</subfield>
    <subfield code="u">X0001</subfield>
    <subfield code="w">X0001</subfield>
  </datafield>
  <datafield tag="ITM" ind1=" " ind2=" ">
    <subfield code="H">22263476150006443</subfield>
    <subfield code="x">00L</subfield>
    <subfield code="f">ISSBD</subfield>
    <subfield code="v">00L</subfield>
    <subfield code="p">33</subfield>
    <subfield code="X">System</subfield>
    <subfield code="U">2011-06-20 12:59:00 Europe/Berlin</subfield>
    <subfield code="Y">2021-04-01 12:17:58 Europe/Berlin</subfield>
    <subfield code="h">false</subfield>
    <subfield code="e">00001</subfield>
    <subfield code="n">zy/1432</subfield>
    <subfield code="P">21/d/n/1</subfield>
    <subfield code="j">1</subfield>
    <subfield code="i">9</subfield>
    <subfield code="k">2011</subfield>
    <subfield code="M">49HBZ_DUE</subfield>
    <subfield code="s">1</subfield>
    <subfield code="d">8</subfield>
    <subfield code="V">import</subfield>
    <subfield code="L">zd 1677 / nwb</subfield>
    <subfield code="a">23263476100006443</subfield>
    <subfield code="t">8</subfield>
    <subfield code="c">zy 1432</subfield>
    <subfield code="q">9.2011</subfield>
    <subfield code="W">2011-05-30 02:00:00 Europe/Berlin</subfield>
    <subfield code="u">X0001</subfield>
    <subfield code="w">X0001</subfield>
  </datafield>
  <datafield tag="ITM" ind1=" " ind2=" ">
    <subfield code="H">22263476150006443</subfield>
    <subfield code="x">00L</subfield>
    <subfield code="f">ISSBD</subfield>
    <subfield code="v">00L</subfield>
    <subfield code="p">33</subfield>
    <subfield code="X">System</subfield>
    <subfield code="U">2011-05-30 12:59:00 Europe/Berlin</subfield>
    <subfield code="Y">2021-04-01 12:17:58 Europe/Berlin</subfield>
    <subfield code="h">false</subfield>
    <subfield code="e">00001</subfield>
    <subfield code="n">zy/1432</subfield>
    <subfield code="P">21/d/n/1</subfield>
    <subfield code="j">1</subfield>
    <subfield code="i">8</subfield>
    <subfield code="k">2009</subfield>
    <subfield code="M">49HBZ_DUE</subfield>
    <subfield code="s">1</subfield>
    <subfield code="d">8</subfield>
    <subfield code="V">import</subfield>
    <subfield code="L">zd 1677 / nwb</subfield>
    <subfield code="a">23263476110006443</subfield>
    <subfield code="t">8</subfield>
    <subfield code="c">zy 1432</subfield>
    <subfield code="D">20110530</subfield>
    <subfield code="q">8.2009</subfield>
    <subfield code="W">2011-05-30 02:00:00 Europe/Berlin</subfield>
    <subfield code="u">X0001</subfield>
    <subfield code="w">X0001</subfield>
  </datafield>
  <datafield tag="H16" ind1="7" ind2=" ">
    <subfield code="a">2000012-1</subfield>
    <subfield code="2">DE-600</subfield>
    <subfield code="8">22580043820006449</subfield>
  </datafield>
  <datafield tag="H35" ind1=" " ind2=" ">
    <subfield code="a">(DE-600)129832294</subfield>
    <subfield code="8">22580043820006449</subfield>
  </datafield>
  <datafield tag="H35" ind1=" " ind2=" ">
    <subfield code="a">(DE-6)129832294-49hbz_ulm</subfield>
    <subfield code="8">22580043820006449</subfield>
  </datafield>
  <datafield tag="H92" ind1=" " ind2=" ">
    <subfield code="d">6</subfield>
    <subfield code="k">NRW</subfield>
    <subfield code="l">a</subfield>
    <subfield code="o">c</subfield>
    <subfield code="a">441000-2</subfield>
    <subfield code="8">22580043820006449</subfield>
  </datafield>
  <datafield tag="H52" ind1="8" ind2="1">
    <subfield code="b">ZB</subfield>
    <subfield code="c">ZB_FHM2</subfield>
    <subfield code="h">ZD 7791</subfield>
    <subfield code="8">1</subfield>
    <subfield code="a">DE-6</subfield>
    <subfield code="8">22580043820006449</subfield>
  </datafield>
  <datafield tag="H59" ind1="0" ind2="1">
    <subfield code="8">1.1\x</subfield>
    <subfield code="a">1</subfield>
    <subfield code="i">1999 </subfield>
    <subfield code="8">22580043820006449</subfield>
  </datafield>
  <datafield tag="H66" ind1="3" ind2="0">
    <subfield code="a">1.1999 -</subfield>
    <subfield code="8">22580043820006449</subfield>
  </datafield>
  <datafield tag="H66" ind1="3" ind2="0">
    <subfield code="z">[N=3]</subfield>
    <subfield code="8">22580043820006449</subfield>
  </datafield>
  <datafield tag="HOL" ind1=" " ind2=" ">
    <subfield code="d">2023-02-06 12:16:10</subfield>
    <subfield code="8">22580043820006449</subfield>
    <subfield code="b">2022-07-11 12:14:02</subfield>
    <subfield code="M">49HBZ_ULM</subfield>
    <subfield code="g">false</subfield>
    <subfield code="a">import</subfield>
    <subfield code="c">wurm</subfield>
  </datafield>
  <datafield tag="ITM" ind1=" " ind2=" ">
    <subfield code="H">22580043820006449</subfield>
    <subfield code="x">ZB_FHM2</subfield>
    <subfield code="f">ISSUE</subfield>
    <subfield code="v">ZB_FHM2</subfield>
    <subfield code="X">wurm</subfield>
    <subfield code="Y">2023-02-06 13:16:10 Europe/Berlin</subfield>
    <subfield code="i">14</subfield>
    <subfield code="k">2023</subfield>
    <subfield code="M">49HBZ_ULM</subfield>
    <subfield code="s">0</subfield>
    <subfield code="d">8</subfield>
    <subfield code="V">wurm</subfield>
    <subfield code="b">ULB0072893</subfield>
    <subfield code="a">23653461490006449</subfield>
    <subfield code="c">ZD 7791</subfield>
    <subfield code="r">ACQ</subfield>
    <subfield code="q">Bd.14(2023)</subfield>
    <subfield code="W">2023-02-06 13:16:10 Europe/Berlin</subfield>
    <subfield code="u">ZB</subfield>
    <subfield code="w">ZB</subfield>
  </datafield>
  <datafield tag="ITM" ind1=" " ind2=" ">
    <subfield code="H">22580043820006449</subfield>
    <subfield code="x">ZB_FHM2</subfield>
    <subfield code="f">ISSBD</subfield>
    <subfield code="v">ZB_FHM2</subfield>
    <subfield code="X">balmasw</subfield>
    <subfield code="U">2023-02-06 13:20:18 Europe/Berlin</subfield>
    <subfield code="Y">2023-03-07 09:01:36 Europe/Berlin</subfield>
    <subfield code="n">ZD 7791-13</subfield>
    <subfield code="i">13</subfield>
    <subfield code="k">2022</subfield>
    <subfield code="M">49HBZ_ULM</subfield>
    <subfield code="s">1</subfield>
    <subfield code="d">8</subfield>
    <subfield code="V">wurm</subfield>
    <subfield code="b">6-00746409-0</subfield>
    <subfield code="a">23653461500006449</subfield>
    <subfield code="c">ZD 7791</subfield>
    <subfield code="q">Bd. 13 (2022)</subfield>
    <subfield code="W">2023-02-06 13:14:24 Europe/Berlin</subfield>
    <subfield code="u">ZB</subfield>
    <subfield code="w">ZB</subfield>
  </datafield>
  <datafield tag="H16" ind1="7" ind2=" ">
    <subfield code="a">2000012-1</subfield>
    <subfield code="2">DE-600</subfield>
    <subfield code="8">22186995610007502</subfield>
  </datafield>
  <datafield tag="H35" ind1=" " ind2=" ">
    <subfield code="a">(DE-600)054628873</subfield>
    <subfield code="8">22186995610007502</subfield>
  </datafield>
  <datafield tag="H92" ind1=" " ind2=" ">
    <subfield code="a">531000-3</subfield>
    <subfield code="y">90-ff</subfield>
    <subfield code="8">22186995610007502</subfield>
  </datafield>
  <datafield tag="H52" ind1="8" ind2="1">
    <subfield code="t">1</subfield>
    <subfield code="c">kA</subfield>
    <subfield code="a">DE-5</subfield>
    <subfield code="h">Z 2000/149</subfield>
    <subfield code="z">Freihandmagazin 2. UG</subfield>
    <subfield code="8">1</subfield>
    <subfield code="b">Q0001</subfield>
    <subfield code="8">22186995610007502</subfield>
  </datafield>
  <datafield tag="H59" ind1="1" ind2="0">
    <subfield code="8">1.2\x</subfield>
    <subfield code="i">2001</subfield>
    <subfield code="a">2</subfield>
    <subfield code="i">2009</subfield>
    <subfield code="a">8</subfield>
    <subfield code="8">22186995610007502</subfield>
  </datafield>
  <datafield tag="H59" ind1="0" ind2="0">
    <subfield code="8">1.1\x</subfield>
    <subfield code="a">1</subfield>
    <subfield code="i">1999</subfield>
    <subfield code="a">3</subfield>
    <subfield code="i">2003</subfield>
    <subfield code="a">4</subfield>
    <subfield code="i">2005</subfield>
    <subfield code="8">22186995610007502</subfield>
  </datafield>
  <datafield tag="H59" ind1=" " ind2=" ">
    <subfield code="a">9</subfield>
    <subfield code="i">2011</subfield>
    <subfield code="8">22186995610007502</subfield>
  </datafield>
  <datafield tag="H66" ind1="3" ind2="0">
    <subfield code="a">1.1999 - 2.2001; 3.2003; 4.2005 - 8.2009; 9.2011 -</subfield>
    <subfield code="8">22186995610007502</subfield>
  </datafield>
  <datafield tag="HOL" ind1=" " ind2=" ">
    <subfield code="d">2023-05-04 12:04:59</subfield>
    <subfield code="8">22186995610007502</subfield>
    <subfield code="b">2023-05-04 12:04:59</subfield>
    <subfield code="M">49HBZ_BRIDGE_ULB</subfield>
    <subfield code="g">false</subfield>
    <subfield code="a">System</subfield>
    <subfield code="c">System</subfield>
  </datafield>
  <datafield tag="H16" ind1="7" ind2=" ">
    <subfield code="a">2000012-1</subfield>
    <subfield code="2">DE-600</subfield>
    <subfield code="8">22212681750007147</subfield>
  </datafield>
  <datafield tag="H35" ind1=" " ind2=" ">
    <subfield code="a">(DE-600)054860423</subfield>
    <subfield code="8">22212681750007147</subfield>
  </datafield>
  <datafield tag="H92" ind1=" " ind2=" ">
    <subfield code="a">501000-7</subfield>
    <subfield code="8">22212681750007147</subfield>
  </datafield>
  <datafield tag="H52" ind1="8" ind2="1">
    <subfield code="t">1</subfield>
    <subfield code="c">kA</subfield>
    <subfield code="a">DE-38</subfield>
    <subfield code="h">XD475</subfield>
    <subfield code="8">1</subfield>
    <subfield code="b">K0001</subfield>
    <subfield code="8">22212681750007147</subfield>
  </datafield>
  <datafield tag="H59" ind1="1" ind2="0">
    <subfield code="8">1.2\x</subfield>
    <subfield code="8">22212681750007147</subfield>
  </datafield>
  <datafield tag="H59" ind1="0" ind2="0">
    <subfield code="8">1.1\x</subfield>
    <subfield code="8">22212681750007147</subfield>
  </datafield>
  <datafield tag="H59" ind1=" " ind2=" ">
    <subfield code="a">1</subfield>
    <subfield code="i">1999</subfield>
    <subfield code="8">22212681750007147</subfield>
  </datafield>
  <datafield tag="H66" ind1="3" ind2="0">
    <subfield code="a">1.1999 -</subfield>
    <subfield code="8">22212681750007147</subfield>
  </datafield>
  <datafield tag="HOL" ind1=" " ind2=" ">
    <subfield code="d">2023-05-04 12:03:51</subfield>
    <subfield code="8">22212681750007147</subfield>
    <subfield code="b">2023-05-04 12:03:51</subfield>
    <subfield code="M">49HBZ_BRIDGE_UBK</subfield>
    <subfield code="g">false</subfield>
    <subfield code="a">System</subfield>
    <subfield code="c">System</subfield>
  </datafield>
  <datafield tag="H16" ind1="7" ind2=" ">
    <subfield code="a">2000012-1</subfield>
    <subfield code="2">DE-600</subfield>
    <subfield code="8">22212681640007147</subfield>
  </datafield>
  <datafield tag="H35" ind1=" " ind2=" ">
    <subfield code="a">(DE-600)783070624</subfield>
    <subfield code="8">22212681640007147</subfield>
  </datafield>
  <datafield tag="H92" ind1=" " ind2=" ">
    <subfield code="a">501430-X</subfield>
    <subfield code="8">22212681640007147</subfield>
  </datafield>
  <datafield tag="H52" ind1="8" ind2="1">
    <subfield code="t">1</subfield>
    <subfield code="c">kA</subfield>
    <subfield code="a">DE-38-430</subfield>
    <subfield code="h">430/Bg/Beethoven005</subfield>
    <subfield code="8">1</subfield>
    <subfield code="b">K1129</subfield>
    <subfield code="8">22212681640007147</subfield>
  </datafield>
  <datafield tag="H59" ind1="1" ind2="0">
    <subfield code="8">1.2\x</subfield>
    <subfield code="8">22212681640007147</subfield>
  </datafield>
  <datafield tag="H59" ind1="0" ind2="0">
    <subfield code="8">1.1\x</subfield>
    <subfield code="8">22212681640007147</subfield>
  </datafield>
  <datafield tag="H66" ind1="3" ind2="0">
    <subfield code="a">1.1999 - 2.2001; 4.2005 - 10.2012</subfield>
    <subfield code="8">22212681640007147</subfield>
  </datafield>
  <datafield tag="HOL" ind1=" " ind2=" ">
    <subfield code="d">2023-05-04 12:03:53</subfield>
    <subfield code="8">22212681640007147</subfield>
    <subfield code="b">2023-05-04 12:03:53</subfield>
    <subfield code="M">49HBZ_BRIDGE_UBK</subfield>
    <subfield code="g">false</subfield>
    <subfield code="a">System</subfield>
    <subfield code="c">System</subfield>
  </datafield>
  <datafield tag="H16" ind1="7" ind2=" ">
    <subfield code="a">2000012-1</subfield>
    <subfield code="2">DE-600</subfield>
    <subfield code="8">2219973930007924</subfield>
  </datafield>
  <datafield tag="H35" ind1=" " ind2=" ">
    <subfield code="a">(DE-600)285349317</subfield>
    <subfield code="8">2219973930007924</subfield>
  </datafield>
  <datafield tag="H92" ind1=" " ind2=" ">
    <subfield code="a">652002-9</subfield>
    <subfield code="8">2219973930007924</subfield>
  </datafield>
  <datafield tag="H52" ind1="8" ind2="1">
    <subfield code="t">1</subfield>
    <subfield code="c">kA</subfield>
    <subfield code="a">DE-Kob7</subfield>
    <subfield code="h">MU/C 2014 115</subfield>
    <subfield code="b">RL001</subfield>
    <subfield code="8">2219973930007924</subfield>
  </datafield>
  <datafield tag="H59" ind1="1" ind2="0">
    <subfield code="8">1.2\x</subfield>
    <subfield code="i">2012</subfield>
    <subfield code="a">10</subfield>
    <subfield code="8">2219973930007924</subfield>
  </datafield>
  <datafield tag="H59" ind1="0" ind2="0">
    <subfield code="8">1.1\x</subfield>
    <subfield code="a">8</subfield>
    <subfield code="i">2009</subfield>
    <subfield code="a">9</subfield>
    <subfield code="i">2011</subfield>
    <subfield code="8">2219973930007924</subfield>
  </datafield>
  <datafield tag="H66" ind1="3" ind2="0">
    <subfield code="a">8.2009; 9.2011 - 10.2012</subfield>
    <subfield code="8">2219973930007924</subfield>
  </datafield>
  <datafield tag="HOL" ind1=" " ind2=" ">
    <subfield code="d">2023-05-04 12:04:35</subfield>
    <subfield code="8">2219973930007924</subfield>
    <subfield code="b">2023-05-04 12:04:35</subfield>
    <subfield code="M">49HBZ_BRIDGE_UKO</subfield>
    <subfield code="g">false</subfield>
    <subfield code="a">System</subfield>
    <subfield code="c">System</subfield>
  </datafield>
  <datafield tag="GKT" ind1="2" ind2=" ">
    <subfield code="a">Beethoven-Archiv</subfield>
    <subfield code="g">Bonn</subfield>
    <subfield code="A">GND</subfield>
    <subfield code="B">GND-004656954</subfield>
    <subfield code="C">410</subfield>
  </datafield>
  <datafield tag="GKT" ind1="2" ind2=" ">
    <subfield code="a">Bonn, Beethoven-Archiv</subfield>
    <subfield code="A">GND</subfield>
    <subfield code="B">GND-004656954</subfield>
    <subfield code="C">410</subfield>
  </datafield>
  <datafield tag="GSI" ind1="7" ind2=" ">
    <subfield code="a">http://d-nb.info/gnd/2005424-5</subfield>
    <subfield code="2">uri</subfield>
    <subfield code="A">GND</subfield>
    <subfield code="B">GND-004656954</subfield>
    <subfield code="C">024</subfield>
  </datafield>
  <datafield tag="GKT" ind1="2" ind2=" ">
    <subfield code="a">Beethoven-Haus</subfield>
    <subfield code="A">GND</subfield>
    <subfield code="B">GND-007345364</subfield>
    <subfield code="C">410</subfield>
  </datafield>
  <datafield tag="GKT" ind1="2" ind2=" ">
    <subfield code="a">Bonner Beethoven-Haus</subfield>
    <subfield code="A">GND</subfield>
    <subfield code="B">GND-007345364</subfield>
    <subfield code="C">410</subfield>
  </datafield>
  <datafield tag="GKT" ind1="2" ind2=" ">
    <subfield code="a">Bonner Beethovenhaus</subfield>
    <subfield code="A">GND</subfield>
    <subfield code="B">GND-007345364</subfield>
    <subfield code="C">410</subfield>
  </datafield>
  <datafield tag="GSI" ind1="7" ind2=" ">
    <subfield code="a">2085343-9</subfield>
    <subfield code="0">http://d-nb.info/gnd/2085343-9</subfield>
    <subfield code="2">gnd</subfield>
    <subfield code="A">GND</subfield>
    <subfield code="B">GND-007345364</subfield>
    <subfield code="C">024</subfield>
  </datafield>
  <datafield tag="GKT" ind1="2" ind2=" ">
    <subfield code="a">Beethoven-Haus</subfield>
    <subfield code="A">GND</subfield>
    <subfield code="B">GND-007345364</subfield>
    <subfield code="C">410</subfield>
  </datafield>
  <datafield tag="GKT" ind1="2" ind2=" ">
    <subfield code="a">Bonner Beethoven-Haus</subfield>
    <subfield code="A">GND</subfield>
    <subfield code="B">GND-007345364</subfield>
    <subfield code="C">410</subfield>
  </datafield>
  <datafield tag="GKT" ind1="2" ind2=" ">
    <subfield code="a">Bonner Beethovenhaus</subfield>
    <subfield code="A">GND</subfield>
    <subfield code="B">GND-007345364</subfield>
    <subfield code="C">410</subfield>
  </datafield>
  <datafield tag="GSI" ind1="7" ind2=" ">
    <subfield code="a">2085343-9</subfield>
    <subfield code="0">http://d-nb.info/gnd/2085343-9</subfield>
    <subfield code="2">gnd</subfield>
    <subfield code="A">GND</subfield>
    <subfield code="B">GND-007345364</subfield>
    <subfield code="C">024</subfield>
  </datafield>
  <datafield tag="GPN" ind1="1" ind2=" ">
    <subfield code="a">Beethoven, Lovis &lt;&lt;van&gt;&gt;</subfield>
    <subfield code="d">1770-1827</subfield>
    <subfield code="A">GND</subfield>
    <subfield code="B">GND-118508288</subfield>
    <subfield code="C">400</subfield>
  </datafield>
  <datafield tag="GPN" ind1="1" ind2=" ">
    <subfield code="a">Beethoven, Ludwig &lt;&lt;von&gt;&gt;</subfield>
    <subfield code="d">1770-1827</subfield>
    <subfield code="A">GND</subfield>
    <subfield code="B">GND-118508288</subfield>
    <subfield code="C">400</subfield>
  </datafield>
  <datafield tag="GPN" ind1="1" ind2=" ">
    <subfield code="a">Bethoven, Ludwig &lt;&lt;von&gt;&gt;</subfield>
    <subfield code="d">1770-1827</subfield>
    <subfield code="A">GND</subfield>
    <subfield code="B">GND-118508288</subfield>
    <subfield code="C">400</subfield>
  </datafield>
  <datafield tag="GPN" ind1="0" ind2=" ">
    <subfield code="a">Beethoven</subfield>
    <subfield code="d">1770-1827</subfield>
    <subfield code="A">GND</subfield>
    <subfield code="B">GND-118508288</subfield>
    <subfield code="C">400</subfield>
  </datafield>
  <datafield tag="GPN" ind1="1" ind2=" ">
    <subfield code="a">Beethoven, L. &lt;&lt;de&gt;&gt;</subfield>
    <subfield code="d">1770-1827</subfield>
    <subfield code="A">GND</subfield>
    <subfield code="B">GND-118508288</subfield>
    <subfield code="C">400</subfield>
  </datafield>
  <datafield tag="GPN" ind1="1" ind2=" ">
    <subfield code="a">Beethoven, L. &lt;&lt;van&gt;&gt;</subfield>
    <subfield code="d">1770-1827</subfield>
    <subfield code="A">GND</subfield>
    <subfield code="B">GND-118508288</subfield>
    <subfield code="C">400</subfield>
  </datafield>
  <datafield tag="GPN" ind1="1" ind2=" ">
    <subfield code="a">Beethoven, Ludw. &lt;&lt;van&gt;&gt;</subfield>
    <subfield code="d">1770-1827</subfield>
    <subfield code="A">GND</subfield>
    <subfield code="B">GND-118508288</subfield>
    <subfield code="C">400</subfield>
  </datafield>
  <datafield tag="GPN" ind1="1" ind2=" ">
    <subfield code="a">Beethoven, L. &lt;&lt;v.&gt;&gt;</subfield>
    <subfield code="d">1770-1827</subfield>
    <subfield code="A">GND</subfield>
    <subfield code="B">GND-118508288</subfield>
    <subfield code="C">400</subfield>
  </datafield>
  <datafield tag="GPN" ind1="1" ind2=" ">
    <subfield code="a">Betchoven, Ljudvig &lt;&lt;van&gt;&gt;</subfield>
    <subfield code="d">1770-1827</subfield>
    <subfield code="9">v:Sowj. Enz.</subfield>
    <subfield code="A">GND</subfield>
    <subfield code="B">GND-118508288</subfield>
    <subfield code="C">400</subfield>
  </datafield>
  <datafield tag="GPN" ind1="1" ind2=" ">
    <subfield code="a">Beethoven, Ludovicus &lt;&lt;van&gt;&gt;</subfield>
    <subfield code="d">1770-1827</subfield>
    <subfield code="A">GND</subfield>
    <subfield code="B">GND-118508288</subfield>
    <subfield code="C">400</subfield>
  </datafield>
  <datafield tag="GPN" ind1="0" ind2=" ">
    <subfield code="a">Bethoven</subfield>
    <subfield code="d">1770-1827</subfield>
    <subfield code="A">GND</subfield>
    <subfield code="B">GND-118508288</subfield>
    <subfield code="C">400</subfield>
  </datafield>
  <datafield tag="GPN" ind1="0" ind2=" ">
    <subfield code="a">Bei duo fen</subfield>
    <subfield code="d">1770-1827</subfield>
    <subfield code="A">GND</subfield>
    <subfield code="B">GND-118508288</subfield>
    <subfield code="C">400</subfield>
  </datafield>
  <datafield tag="GPN" ind1="0" ind2=" ">
    <subfield code="a">Beiduofen</subfield>
    <subfield code="d">1770-1827</subfield>
    <subfield code="A">GND</subfield>
    <subfield code="B">GND-118508288</subfield>
    <subfield code="C">400</subfield>
  </datafield>
  <datafield tag="GPN" ind1="0" ind2=" ">
    <subfield code="a">Beethofen</subfield>
    <subfield code="d">1770-1827</subfield>
    <subfield code="A">GND</subfield>
    <subfield code="B">GND-118508288</subfield>
    <subfield code="C">400</subfield>
  </datafield>
  <datafield tag="GPN" ind1="1" ind2=" ">
    <subfield code="a">Beethoven, Lewis &lt;&lt;van&gt;&gt;</subfield>
    <subfield code="d">1770-1827</subfield>
    <subfield code="A">GND</subfield>
    <subfield code="B">GND-118508288</subfield>
    <subfield code="C">400</subfield>
  </datafield>
  <datafield tag="GPN" ind1="1" ind2=" ">
    <subfield code="a">Bethoven, Ludwig &lt;&lt;van&gt;&gt;</subfield>
    <subfield code="d">1770-1827</subfield>
    <subfield code="A">GND</subfield>
    <subfield code="B">GND-118508288</subfield>
    <subfield code="C">400</subfield>
  </datafield>
  <datafield tag="GPN" ind1="1" ind2=" ">
    <subfield code="a">Betoven, Ludvig &lt;&lt;van&gt;&gt;</subfield>
    <subfield code="d">1770-1827</subfield>
    <subfield code="A">GND</subfield>
    <subfield code="B">GND-118508288</subfield>
    <subfield code="C">400</subfield>
  </datafield>
  <datafield tag="GPN" ind1="1" ind2=" ">
    <subfield code="a">Betchoven, Ljudvig &lt;&lt;van&gt;&gt;</subfield>
    <subfield code="d">1770-1827</subfield>
    <subfield code="A">GND</subfield>
    <subfield code="B">GND-118508288</subfield>
    <subfield code="C">400</subfield>
  </datafield>
  <datafield tag="GPN" ind1="1" ind2=" ">
    <subfield code="a">Beethoven, Louis &lt;&lt;van&gt;&gt;</subfield>
    <subfield code="d">1770-1827</subfield>
    <subfield code="A">GND</subfield>
    <subfield code="B">GND-118508288</subfield>
    <subfield code="C">400</subfield>
  </datafield>
  <datafield tag="GPN" ind1="1" ind2=" ">
    <subfield code="a">Beethoven, Luigi &lt;&lt;van&gt;&gt;</subfield>
    <subfield code="d">1770-1827</subfield>
    <subfield code="A">GND</subfield>
    <subfield code="B">GND-118508288</subfield>
    <subfield code="C">400</subfield>
  </datafield>
  <datafield tag="GPN" ind1="1" ind2=" ">
    <subfield code="a">Beethoven, Ludvig &lt;&lt;van&gt;&gt;</subfield>
    <subfield code="d">1770-1827</subfield>
    <subfield code="A">GND</subfield>
    <subfield code="B">GND-118508288</subfield>
    <subfield code="C">400</subfield>
  </datafield>
  <datafield tag="GPN" ind1="1" ind2=" ">
    <subfield code="a">Van Beethoven, Ludwig</subfield>
    <subfield code="d">1770-1827</subfield>
    <subfield code="A">GND</subfield>
    <subfield code="B">GND-118508288</subfield>
    <subfield code="C">400</subfield>
  </datafield>
  <datafield tag="GPN" ind1="1" ind2=" ">
    <subfield code="a">Beethoven, Ludwik &lt;&lt;van&gt;&gt;</subfield>
    <subfield code="d">1770-1827</subfield>
    <subfield code="A">GND</subfield>
    <subfield code="B">GND-118508288</subfield>
    <subfield code="C">400</subfield>
  </datafield>
  <datafield tag="GPN" ind1="1" ind2=" ">
    <subfield code="a">Betchoven, L. &lt;&lt;van&gt;&gt;</subfield>
    <subfield code="d">1770-1827</subfield>
    <subfield code="A">GND</subfield>
    <subfield code="B">GND-118508288</subfield>
    <subfield code="C">400</subfield>
  </datafield>
  <datafield tag="GSI" ind1="7" ind2=" ">
    <subfield code="a">118508288</subfield>
    <subfield code="0">http://d-nb.info/gnd/118508288</subfield>
    <subfield code="2">gnd</subfield>
    <subfield code="A">GND</subfield>
    <subfield code="B">GND-118508288</subfield>
    <subfield code="C">024</subfield>
  </datafield>
  <datafield tag="GSI" ind1="7" ind2=" ">
    <subfield code="a">Q255</subfield>
    <subfield code="2">wikidata</subfield>
    <subfield code="A">GND</subfield>
    <subfield code="B">GND-118508288</subfield>
    <subfield code="C">024</subfield>
  </datafield>
</record>
